@first{Article,
	Author="M. N. Baibich, J. M. Broto, A. Fert, F. Nguyen Van Dau, F. Petroff, P. Etienne, G. Creuzet, A. Friederich, and J. Chazelas",
	Year="1988",
	Title="Giant Magnetoresistance of (001)Fe/(001)Cr Magnetic Superlattices",
	Journal="",
}
